<?xml version="1.0" encoding="UTF-8" ?><marc:collection xmlns:marc="http://www.loc.gov/MARC21/slim" xmlns:xsi="http://www.w3.org/2001/XMLSchema-instance" xsi:schemaLocation="http://www.loc.gov/MARC21/slim http://www.loc.gov/standards/marcxml/schema/MARC21slim.xsd">
<marc:record><marc:leader>01981cpc a2200301Ia 4500</marc:leader>
<marc:controlfield tag="001">001636222</marc:controlfield>
<marc:controlfield tag="003">OCoLC</marc:controlfield><marc:controlfield tag="005">20121013145944.0</marc:controlfield><marc:controlfield tag="008">941122i18131853vp                  eng d</marc:controlfield><marc:datafield tag="035" ind1=" " ind2=" "><marc:subfield code="a">31502864</marc:subfield></marc:datafield><marc:datafield tag="040" ind1=" " ind2=" "><marc:subfield code="a">NDK</marc:subfield><marc:subfield code="c">NDK</marc:subfield></marc:datafield><marc:datafield tag="049" ind1=" " ind2=" "><marc:subfield code="a">NDNX</marc:subfield></marc:datafield><marc:datafield tag="096" ind1=" " ind2=" "><marc:subfield code="a">x</marc:subfield></marc:datafield><marc:datafield tag="100" ind1="1" ind2=" "><marc:subfield code="a">Cooper, Astley,</marc:subfield><marc:subfield code="c">Sir,</marc:subfield><marc:subfield code="d">1768-1841.</marc:subfield></marc:datafield><marc:datafield tag="245" ind1="1" ind2="0"><marc:subfield code="a">Correspondence,</marc:subfield><marc:subfield code="f">1813-1853 and undated.</marc:subfield></marc:datafield><marc:datafield tag="300" ind1=" " ind2=" "><marc:subfield code="a">38</marc:subfield><marc:subfield code="f">items.</marc:subfield></marc:datafield><marc:datafield tag="545" ind1=" " ind2=" "><marc:subfield code="a">British surgeon.</marc:subfield></marc:datafield><marc:datafield tag="520" ind1="8" ind2=" "><marc:subfield code="a">ALS to and from Cooper. Includes two notes from Catherine Cooper, Cooper's daughter, to Mr. and Mrs. Balderson and an anonymous recipient, and a note from W. Smith to Ann Cooper, Cooper's wife. Among Cooper's correspondents are well-known English physicians, scientists, and his patients. They include: A. Marcet, H. Halford, C. M. Clarke, J. Ingles, R. Leston, Sir C. Locock, Sir J. McGregor, A. Monro, Dr. Browne of Glasgow, Sir W. Lawrence, Sir C. Aldis, B. Travers, Dr. J. C. W. Lever, W. F. Montgomery, Dr. J. Kidd, Dr. Balderson, Dr. W. Prowl, H. S. Seton, J. Soogood, and B. Whittaker. Letters relate to personal and professional matters. The letters are in English. However, an ALS from Charles de Greti and an ANS from Pierre Moquet are in French. In his letters to Marcet, Cooper expresses strong opinions regarding the political situation in England and on the Continent during the Napoleonic wars. In his letters to Cooper, Kidd discusses the subject of medical reform. Seton's gossipy, personal letters relate to the royal family.</marc:subfield></marc:datafield><marc:datafield tag="500" ind1=" " ind2=" "><marc:subfield code="a">Forms part of the Trent Manuscripts Collection.</marc:subfield></marc:datafield><marc:datafield tag="600" ind1="1" ind2="2"><marc:subfield code="a">Marcet, Alexander,</marc:subfield><marc:subfield code="d">1770-1822.</marc:subfield></marc:datafield><marc:datafield tag="600" ind1="1" ind2="2"><marc:subfield code="a">Halford, Henry,</marc:subfield><marc:subfield code="c">Sir, bart.,</marc:subfield><marc:subfield code="d">1766-1844.</marc:subfield></marc:datafield><marc:datafield tag="600" ind1="1" ind2="2"><marc:subfield code="a">Ingles, John,</marc:subfield><marc:subfield code="d">1766-1836.</marc:subfield></marc:datafield><marc:datafield tag="600" ind1="1" ind2="2"><marc:subfield code="a">Monro, Alexander,</marc:subfield><marc:subfield code="d">1773-1859.</marc:subfield></marc:datafield><marc:datafield tag="600" ind1="1" ind2="2"><marc:subfield code="a">Lawrence, William,</marc:subfield><marc:subfield code="c">Sir,</marc:subfield><marc:subfield code="d">1783-1867.</marc:subfield></marc:datafield><marc:datafield tag="600" ind1="1" ind2="2"><marc:subfield code="a">Travers, Benjamin,</marc:subfield><marc:subfield code="d">1783-1858.</marc:subfield></marc:datafield><marc:datafield tag="600" ind1="1" ind2="2"><marc:subfield code="a">Lever, John Charles Weaver,</marc:subfield><marc:subfield code="d">1811-1858.</marc:subfield></marc:datafield><marc:datafield tag="600" ind1="1" ind2="2"><marc:subfield code="a">Kidd, John,</marc:subfield><marc:subfield code="d">1775-1851.</marc:subfield></marc:datafield><marc:datafield tag="710" ind1="2" ind2=" "><marc:subfield code="a">History of Medicine Collections (Duke University)</marc:subfield></marc:datafield></marc:record>
</marc:collection>
